<record><leader>00000cas a22000007a 4500</leader><controlfield tag="001">9416615</controlfield><controlfield tag="008">830415d18561856ohuwr ne      0    0eng d</controlfield><controlfield tag="009">3783</controlfield><datafield ind1=" " ind2=" " tag="010"><subfield code="a">sn 83035087 </subfield></datafield><datafield ind1=" " ind2=" " tag="040"><subfield code="a">NPY</subfield><subfield code="b">eng</subfield><subfield code="c">NPY</subfield><subfield code="d">NPU</subfield></datafield><datafield ind1="1" ind2=" " tag="029"><subfield code="a">AU@</subfield><subfield code="b">000025838341</subfield></datafield><datafield ind1=" " ind2=" " tag="042"><subfield code="a">msc</subfield></datafield><datafield ind1="0" ind2=" " tag="130"><subfield code="a">Reformer and independent press (Ravenna, Ohio : 1856)</subfield></datafield><datafield ind1="0" ind2="0" tag="245"><subfield code="a">Reformer and independent press.</subfield></datafield><datafield ind1="1" ind2="3" tag="246"><subfield code="a">Reformer and press</subfield></datafield><datafield ind1=" " ind2=" " tag="260"><subfield code="a">Ravenna, [Ohio] :</subfield><subfield code="b">A. Pryne &amp; W. Burr,</subfield><subfield code="c">1856.</subfield></datafield><datafield ind1=" " ind2=" " tag="300"><subfield code="a">1 v. ;</subfield><subfield code="c">62 cm.</subfield></datafield><datafield ind1=" " ind2=" " tag="310"><subfield code="a">Weekly</subfield></datafield><datafield ind1="0" ind2=" " tag="362"><subfield code="a">Vol. 1, no. 41 (Feb. 1, 1856)-v. 1, no. 56 (Apr. 18, 1856).</subfield></datafield><datafield ind1=" " ind2=" " tag="500"><subfield code="a">"A religious and anti-slavery journal, independent of party or sect."</subfield></datafield><datafield ind1=" " ind2=" " tag="500"><subfield code="a">Published on Friday.</subfield></datafield><datafield ind1=" " ind2=" " tag="500"><subfield code="a">Editors: A. Pryne and Williard Burr.</subfield></datafield><datafield ind1="1" ind2=" " tag="700"><subfield code="a">Pryne, Abram.</subfield></datafield><datafield ind1="1" ind2=" " tag="700"><subfield code="a">Burr, Williard.</subfield></datafield><datafield ind1=" " ind2=" " tag="752"><subfield code="a">United States</subfield><subfield code="b">Ohio</subfield><subfield code="c">Portage</subfield><subfield code="d">Ravenna.</subfield></datafield><datafield ind1="0" ind2="0" tag="780"><subfield code="t">Independent press and reformer</subfield><subfield code="w">(DLC)sn 83035086</subfield></datafield><datafield ind1="0" ind2="0" tag="785"><subfield code="t">Reformer (Ravenna, Ohio : 1856)</subfield><subfield code="w">(DLC)sn 83035088</subfield></datafield></record>